@article{gottwald2019,
  title={Introduction of an automatic and open-source radio-tracking system for small animals},
  author={Gottwald, Jannis and Zeidler, Ralf and Friess, Nicolas and Ludwig, Marvin and Reudenbach, Christoph and Nauss, Thomas},
  journal={Methods in Ecology and Evolution},
  volume={10},
  number={12},
  pages={2163--2172},
  year={2019},
  publisher={Wiley Online Library}
}

